@article{lammel2008google,
  title={Google's MapReduce programming model -- Revisited},
  author={L{\"a}mmel, R.},
  journal={Science of Computer Programming},
  volume={70},
  number={1},
  pages={1--30},
  year={2008},
  publisher={Elsevier}
},
@inproceedings{gousios2012ghtorrent,
  title={GHTorrent: Github's data from a firehose},
  author={Gousios, G. and Spinellis, D.},
  booktitle={Mining Software Repositories (MSR), 2012 9th IEEE Working Conference on},
  pages={12--21},
  year={2012},
  organization={IEEE}
},
@inproceedings{oliveira2010type,
  title={Type classes as objects and implicits},
  author={Oliveira, B.C.S. and Moors, A. and Odersky, M.},
  booktitle={ACM Sigplan Notices},
  volume={45},
  number={10},
  pages={341--360},
  year={2010},
  organization={ACM}
},
@inproceedings{odersky2009fighting,
  title={Fighting bit rot with types},
  author={Odersky, M. and Moors, A.},
  booktitle={IARCS Annual Conference on Foundations of Software Technology and Theoretical Computer Science},
  volume={4},
  pages={427--451},
  year={2009}
},
@article{odersky2006pimp,
  title={Pimp my Library},
  author={Odersky, M.},
  year={2006},
  journal={URL http://www.artima.com/weblogs/viewpost.jsp?thread=179766}
},

